@BOOK{
	bookLable,
	title = {The {{\LaTeX}} Companion},
	publisher = {Addison-Wesley},
	year ={2004},
	author = {Frank Mittelbach and Michel Goossens},
	series = {Tools and Techniques for computer Typesettiong},
	address = {Boston},
	edition = {Second}		
}

@article{韩秋明2018区块链技术国外研究述评,
	title={区块链技术国外研究述评},
	author={韩秋明 and 王革},
	journal={科技进步与对策},
	year={2018},
}

@book{Underwood2016Blockchain,
	title={Blockchain beyond Bitcoin},
	author={Underwood, Sarah},
	year={2016},
}